@inproceedings{JorgensenLeuschel:Cogen,
   author =    {Jesper J{\o}rgensen and Michael Leuschel},
   title =     {Efficiently Generating Efficient Generating Extensions in
                {Prolog}},
   booktitle = {Partial Evaluation, International Seminar},
   year =      1996,
   address =   {Schlo\ss\ Dagstuhl},
   editor =    {Danvy, Olivier and Gl\"{u}ck, Robert and Thiemann, Peter},
   series =    {LNCS 1110},
   publisher = {Springer-Verlag},
   pages =     {238--262},
   url = {http://eprints.ecs.soton.ac.uk/598/}

}

@article{LeuschelEtAl:TPLP03,
 author = "Michael Leuschel and Jesper J{\o}rgensen and Wim Vanhoof and Maurice Bruynooghe",
 title = "Offline Specialisation in {P}rolog Using a Hand-Written Compiler
Generator",
  journal = "Theory and Practice of Logic Programming",
   year = 2004,
   volume = 4,
   number = {1},
pages = {139--191},
url={http://eprints.ecs.soton.ac.uk/6605/}
}


@ inproceedings{CraigLeuschel:PSI03,
 author = {Stephen-John Craig and Michael Leuschel},
 title = {A compiler generator for Constraint Logic Programs},
 year = 2003,
   booktitle = {Proceedings of PSI'03},
   publisher = {Springer-Verlag},
   series =    {LNCS 2890},
   editor = {Broy, Manfred and Zamulin, Alexandre V.},
   pages = {148--161},
  url={http://eprints.ecs.soton.ac.uk/8310/}
}


@ inproceedings{CraigLeuschel:SelfApp03,
 author = {Stephen-John Craig and Michael Leuschel},
 title = {{L}IX: An Effective Self-applicable Partial Evaluator for
{P}rolog},
 year = 2004,
   booktitle = {Proceedings of FLOPS'04},
   editor = {Kameyama , Yukiyoshi and Stuckey, Peter J. },
 month = {April},
 page = {85--99},
   publisher = {Springer-Verlag},
   series =    {LNCS 2998},
  url = {http://eprints.ecs.soton.ac.uk/9488/}
}


@inproceedings{Leuschel:lopstrbook,
   author =    {Michael Leuschel and Stephen-John Craig and Maurice Bruynooghe
and Wim Vanhoof},
   title =     {Specializing Interpreters using Offline Partial Deduction},
  YEAR = {2004},
  EDITOR = "Bruynooghe, Maurice and Lau, Kung-Kiu",
  booktitle = {Program Development in Computational Logic},
   series = {LNCS 3049},
  PUBLISHER = {Springer-Verlag},
   pages = {341--376},
  url={http://eprints.ecs.soton.ac.uk/9489/}
}

@inproceedings{craigEtAlBTA:lopstrbta,
   author =    {Stephen-John Craig and John P. Gallagher and Michael Leuschel and Kim S. Henriksen},
   title =     {Fully Automatic Binding Time Analysis for {P}rolog},
  YEAR = {2004},
  EDITOR = "Sandro Etalle"
  booktitle = {Proceedings of Lopstr'04} 
  PUBLISHER = {Springer-Verlag},
  url={http://eprints.ecs.soton.ac.uk/9546/},
 note= {(Pre-proceedings)(in press)}
}

@inproceedings{barkerEtAl:AccessControl,
   author =    {Steve Barker and Michael Leuschel and Mauricio Varea},
   title =     {Efficient and Flexible Access Control via Logic Program Specialisation},
  YEAR = {2004},
  EDITOR = ""
  booktitle = {Proceedings of PEPM'04} 
  PUBLISHER = {ACM Press},
  url={http://eprints.ecs.soton.ac.uk/9545/},

}